%如果将此文件删除(删除文件,不是删除内容),则论文中不会出现攻读期间取得的研究成果一章。

@article{wb1999,
  title={快速遗传算法研究},
  author={吴斌 and 吴坚 and 涂序彦},
  journal={电子科技大学学报},
  volume={28},
  number={1},
  pages={49-53},
  year={1999},
  type={J},
  userf={zh}
}
@article{huy1998,
  title={空间激光通信技术及其发展},
  author={胡渝 and 刘华},
  journal={电子科技大学学报},
  volume={27},
  number={5},
  pages={453-461},
  year={1998},
  type={J},
  userf={zh}
}
@article{tangxw1997,
  title={一种新的模糊自适应变权重组合预测算法},
  author={唐小我 and 王景},
  journal={电子科技大学学报},
  volume={26},
  number={3},
  pages={289-292},
  year={1997},
  type={J},
  userf={zh}
}
@article{tiansl1998,
  title={自动测试系统的网络连接技术},
  author={田书林 and 徐建南},
  journal={电子科技大学学报},
  volume={27},
  number={4},
  pages={427-430},
  year={1998},
  type={J},
  userf={zh}
}
@article{zhangfl1999,
  title={基于数据仓库的综合查询系统的设计和实现},
  author={张凤荔 and 葛晓峰 and 卢显良},
  journal={电子科技大学学报},
  volume={28},
  number={2},
  pages={207-210},
  year={1999},
  type={J},
  userf={zh}
}
@article{chx1998,
  title={等离子体对电子注的聚束特性的研究},
  author={陈希 and 谢文楷},
  journal={电子科技大学学报},
  volume={27},
  number={3},
  pages={288-292},
  year={1998},
  type={J},
  userf={zh}
}
@article{huangtzh1997,
  title={关于一个 Brauer 定理的注记},
  author={黄廷祝 and 钟守铭},
  journal={电子科技大学学报},
  volume={26},
  number={6},
  pages={642-644},
  year={1997},
  type={J},
  userf={zh}
}