%% 正文部分参考文献
@online{scigen,
  title={SCIgen - An Automatic CS Paper Generator},
  author={scigen-dev},
  type={EB/OL},
  url={http://pdos.csail.mit.edu/scigen/},
  date={2013-04-01}
}
@article{einstein1935,
  title={The particle problem in the general theory of relativity},
  author={Einstein, Albert and Rosen, Nathan},
  journal={Physical Review},
  volume={48},
  number={1},
  pages={73},
  year={1935},
  type={J}
}
@article{breitenlohner1984,
  title={4-Dimensional black holes from Kaluza-Klein theories},
  author={Breitenlohner, Peter and Maison, Dieter and Gibbons, Gary},
  journal={Communications in Mathematical Physics},
  volume={120},
  number={2},
  pages={295-333},
  year={1988},
  type={J}
}
@article{brandt1997,
  title={A simple construction of initial data for multiple black holes},
  author={Brandt, Steven and Br{\"u}gmann, Bernd},
  journal={Physical Review Letters},
  volume={78},
  number={19},
  pages={3606-3609},
  year={1997},
  type={J}
}
@article{misner1957,
  title={Classical physics as geometry},
  author={Misner, Charles W and Wheeler, John A},
  journal={Annals of Physics},
  volume={2},
  number={6},
  pages={525-603},
  year={1957},
  type={J}
}
@article{regge1957,
  title={Stability of a Schwarzschild singularity},
  author={Regge, Tullio and Wheeler, John A},
  journal={Physical Review},
  volume={108},
  number={4},
  pages={1063-1069},
  year={1957},
  type={J}
}
@book{hawking1973,
  title={The large scale structure of space-time},
  author={Hawking, Stephen W and Ellis, George Francis Rayner},
  type={M},
  year={1973},
  publisher={Cambridge university press},
  address={Cambridge}
}
@inproceedings{abramson1970,
  title={THE ALOHA SYSTEM: another alternative for computer communications},
  author={Abramson, Norman},
  booktitle={Proceedings of the November 17-19, 1970, fall joint computer conference},
  pages={281-285},
  year={1970},
  location={New York, NY, USA},
  type={C}
}
@report{wwwdevreport,
  title={中国互联网络发展状况统计报告},
  author={中国互联网络信息中心},
  type={R},
  publisher={中国科学院计算机网络信息中心},
  location={北京},
  year={1997-2013},
  userf={zh}
}
@phdthesis{lichg2004,
  title={复杂网络建模及其动力学性质的若干研究},
  author={李春光},
  year={2004},
  pages={1-2},
  institution={电子科技大学},
  location={成都},
  type={D},
  userf={zh}
}
@misc{guoxb2012,
  title={基于 ZigBee 技术的室内定位与环境监测系统},
  author={郭旭斌 and 杨磊 and 李俊儒},
  location={四川省成都市电子科技大学沙河校区211楼503室},
  number={201110112376},
  date={2012-11-07},
  type={P}
}
@online{xiaoxun,
  title={求实求真大气大为——对校训的再思考},
  author={长江},
  type={EB/OL},
  url={http://www.news.uestc.edu.cn/NewsRead.aspx?newsID=22546},
  date={2007-07-10}
}
@online{zhaiyao,
  title={关于学术论文的写作指导},
  author={千龙网},
  type={EB/OL},
  url={http://life.qianlong.com/36311/2012/09/21/6924@8239359.htm},
  date={2012-09-21}
}
